<record><leader>00000cas a2200000 i 4500</leader><controlfield tag="001">15113864</controlfield><controlfield tag="008">870126d18891936inuwr ne      0    0eng c</controlfield><datafield ind1=" " ind2=" " tag="010"><subfield code="a">sn 87055631 </subfield></datafield><datafield ind1=" " ind2=" " tag="040"><subfield code="a">NPI</subfield><subfield code="b">eng</subfield><subfield code="e">rda</subfield><subfield code="c">NPI</subfield><subfield code="d">OCLCQ</subfield><subfield code="d">IUL</subfield><subfield code="d">OCLCF</subfield></datafield><datafield ind1=" " ind2=" " tag="042"><subfield code="a">pcc</subfield></datafield><datafield ind1=" " ind2=" " tag="043"><subfield code="a">n-us-in</subfield></datafield><datafield ind1="0" ind2=" " tag="130"><subfield code="a">Hobart gazette (Hobart, Ind. : 1889)</subfield></datafield><datafield ind1="1" ind2="4" tag="245"><subfield code="a">The Hobart gazette.</subfield></datafield><datafield ind1=" " ind2="1" tag="264"><subfield code="a">Hobart, Ind. :</subfield><subfield code="b">Benner &amp; Nearpass,</subfield><subfield code="c">1889-</subfield></datafield><datafield ind1=" " ind2=" " tag="300"><subfield code="a">volumes</subfield></datafield><datafield ind1=" " ind2=" " tag="310"><subfield code="a">Weekly</subfield></datafield><datafield ind1=" " ind2=" " tag="336"><subfield code="a">text</subfield><subfield code="b">txt</subfield><subfield code="2">rdacontent</subfield></datafield><datafield ind1=" " ind2=" " tag="337"><subfield code="a">unmediated</subfield><subfield code="b">n</subfield><subfield code="2">rdamedia</subfield></datafield><datafield ind1=" " ind2=" " tag="338"><subfield code="a">volume</subfield><subfield code="b">nc</subfield><subfield code="2">rdacarrier</subfield></datafield><datafield ind1="0" ind2=" " tag="362"><subfield code="a">Vol. 1, no. 1 (August 28, 1889)-</subfield></datafield><datafield ind1="1" ind2=" " tag="362"><subfield code="a">Ceased in 1936?</subfield></datafield><datafield ind1=" " ind2=" " tag="500"><subfield code="a">Masthead for June 12, 1930-Jan. 11, 1934 has subtitle: "with which has been combined The Hobart news."</subfield></datafield><datafield ind1=" " ind2=" " tag="500"><subfield code="a">Title from masthead.</subfield></datafield><datafield ind1=" " ind2=" " tag="588"><subfield code="a">Latest issue consulted: Vol. 3, no. 34 (April 15, 1892); U.S. Newspaper Archive (viewed June 27, 2017).</subfield></datafield><datafield ind1=" " ind2="0" tag="651"><subfield code="a">Hobart (Ind.)</subfield><subfield code="v">Newspapers.</subfield></datafield><datafield ind1=" " ind2="0" tag="651"><subfield code="a">Lake County (Ind.)</subfield><subfield code="v">Newspapers.</subfield></datafield><datafield ind1=" " ind2="7" tag="651"><subfield code="a">Indiana</subfield><subfield code="z">Hobart.</subfield><subfield code="2">fast</subfield><subfield code="0">(OCoLC)fst01235235</subfield></datafield><datafield ind1=" " ind2="7" tag="651"><subfield code="a">Indiana</subfield><subfield code="z">Lake County.</subfield><subfield code="2">fast</subfield><subfield code="0">(OCoLC)fst01218109</subfield></datafield><datafield ind1=" " ind2="7" tag="655"><subfield code="a">Newspapers.</subfield><subfield code="2">fast</subfield><subfield code="0">(OCoLC)fst01423814</subfield></datafield><datafield ind1=" " ind2=" " tag="752"><subfield code="a">United States</subfield><subfield code="b">Indiana</subfield><subfield code="c">Lake</subfield><subfield code="d">Hobart.</subfield></datafield><datafield ind1="0" ind2="5" tag="780"><subfield code="t">Hobart news</subfield><subfield code="g">1930</subfield><subfield code="w">(DLC)sn 84045419</subfield><subfield code="w">(OCoLC)11314801</subfield></datafield><datafield ind1="0" ind2="0" tag="785"><subfield code="t">Hobart news-gazette (Hobart, Ind.)</subfield><subfield code="w">(DLC)sn 87055632</subfield><subfield code="w">(OCoLC)15118073</subfield></datafield><datafield ind1="4" ind2="1" tag="856"><subfield code="u">https://access.newspaperarchive.com/us/indiana/hobart/hobart-gazette/</subfield></datafield></record>